@book{wen2015holistic,
  title={Holistic Tarot: An Integrative Approach to Using Tarot for Personal Growth},
  author={Wen, B.},
  isbn={9781583948354},
  lccn={2014016749},
  url={https://books.google.com/books?id=w8VvDwAAQBAJ},
  year={2015},
  publisher={North Atlantic Books}
}


 @misc{gypsy_2021,
 title={How to use tarot in your art and creative practice}, url={https://moderngypsy.in/2020/02/24/how-to-use-tarot-in-your-art-and-creative-practice-2/},
 journal={Modern Gypsy},
 author={Gypsy, Modern},
 year={2021}, month={Apr}
 } 
 
  @misc{chaliceL, 
 title={Jungian tarot therapy}, 
 url={https://www.counselingwithchalice.com/jungian-tarot-therapy#:~:text=Jungian%20tarot%20therapy%20is%20performed,what%20comes%20available%20into%20consciousnesses.}, 
 journal={Chalice Mathioudakis LMHC}
 } 
 
  @misc{labrynthos, title={One card Tarot reading - a custom interactive tarot reading online}, url={https://labyrinthos.co/pages/one-card-tarot}, journal={Labyrinthos}, author={Labrynthos}} 
  
   @misc{lt, title={LT's World Famous Universal 6 Card Spread}, url={https://www.free-tarot-reading.net/free}, journal={Free Online Tarot Reading}, author={LT}} 
   
   @article{Sullivan2018TarotbasedNG,
  title={Tarot-based narrative generation},
  author={Anne Sullivan and Mirjam Palosaari Eladhari and Michael Cook},
  journal={Proceedings of the 13th International Conference on the Foundations of Digital Games},
  year={2018}
}
 @misc{roll, title={Tarot cards}, url={https://rollforfantasy.com/tools/tarot-cards.php}, journal={Roll For Fantasy}} 
 
 @book{decker_dummett_2013, place={London}, title={A history of the occult tarot: 1870-1970}, publisher={Duckworth Overlook}, author={Decker, Ronald and Dummett, Michael}, year={2013}} 
 
  @misc{tarot.com, title={Rider Waite Tarot deck}, url={https://www.tarot.com/tarot/decks/rider}, journal={Tarot.com}} 
   @misc{youtube, title={Vanessa Somuayina}, url={https://www.youtube.com/c/VanessaSomuayina}, journal={YouTube}, publisher={YouTube}} 

 @misc{youtube2, title={Stargirl the Practical Witch}, url={https://www.youtube.com/c/StargirlthePracticalWitch}, journal={YouTube}, publisher={YouTube}} 
 @article{Santhanam2020ContextBT,
  title={Context based Text-generation using LSTM networks},
  author={Siva Priya Santhanam},
  journal={ArXiv},
  year={2020},
  volume={abs/2005.00048}
}

 @article{yao_peng_weischedel_knight_zhao_yan_2019, title={Plan-and-write: Towards better automatic storytelling}, volume={33}, DOI={10.1609/aaai.v33i01.33017378}, journal={Proceedings of the AAAI Conference on Artificial Intelligence}, author={Yao, Lili and Peng, Nanyun and Weischedel, Ralph and Knight, Kevin and Zhao, Dongyan and Yan, Rui}, year={2019}, pages={7378â€“7385}} 
 
  @misc{jain_agrawal_mishra_sukhwani_laha_sankaranarayanan_2017, title={Story generation from sequence of independent short descriptions}, url={https://arxiv.org/abs/1707.05501}, journal={arXiv.org}, author={Jain, Parag and Agrawal, Priyanka and Mishra, Abhijit and Sukhwani, Mohak and Laha, Anirban and Sankaranarayanan, Karthik}, year={2017}, month={Aug}} 
  
   @misc{tambwekar_dhuliawala_martin_mehta_harrison_riedl_2019, title={Controllable neural story plot generation via reinforcement learning}, url={https://arxiv.org/abs/1809.10736}, journal={arXiv.org}, author={Tambwekar, Pradyumna and Dhuliawala, Murtaza and Martin, Lara J. and Mehta, Animesh and Harrison, Brent and Riedl, Mark O.}, year={2019}, month={Jun}} 
    @misc{radford_2021, title={Better language models and their implications}, url={https://openai.com/blog/better-language-models/}, journal={OpenAI}, publisher={OpenAI}, author={Radford, Alec}, year={2021}, month={Jun}} 